<collection xmlns="http://www.loc.gov/MARC21/slim">
<record>
  <leader>01591nam0a22002891i 450 </leader>
  <controlfield tag="001">IT\ICCU\CNCE\045467</controlfield>
  <controlfield tag="005">20010618000000.0</controlfield>
  <datafield tag="012" ind1=" " ind2=" ">
    <subfield code="a">m,fe s.Ti o-in stpu (C) 1546 (R)</subfield>
    <subfield code="2">fei</subfield>
  </datafield>
  <datafield tag="100" ind1=" " ind2=" ">
    <subfield code="a">19990125d1546        0itac0103    ba</subfield>
  </datafield>
  <datafield tag="101" ind1=" " ind2=" ">
    <subfield code="a">LAT</subfield>
  </datafield>
  <datafield tag="102" ind1=" " ind2=" ">
    <subfield code="a">IT</subfield>
  </datafield>
  <datafield tag="200" ind1="1" ind2=" ">
    <subfield code="a">Iustissime ac euidentissimae rationes quibus optimus Caesar coactus est inferre bellum contumacibus ac rebellibus sacratissimi Imperii, cum exhortatione, ut omnes catholici principes pro uiribus faueant Carolo imperatori a numine dilecto. In quo unica salus totius Reipublicae christianae consistit</subfield>
  </datafield>
  <datafield tag="210" ind1=" " ind2=" ">
    <subfield code="e">Mediolani</subfield>
    <subfield code="g">a Ioanne Antonio Castelioneo</subfield>
    <subfield code="h">1546</subfield>
  </datafield>
  <datafield tag="215" ind1=" " ind2=" ">
    <subfield code="a">\12! c.</subfield>
    <subfield code="d">4ʻ</subfield>
  </datafield>
  <datafield tag="620" ind1=" " ind2=" ">
    <subfield code="a">IT</subfield>
    <subfield code="d">Milano</subfield>
  </datafield>
  <datafield tag="702" ind1=" " ind2="1">
    <subfield code="a">Perbono,</subfield>
    <subfield code="b">Girolamo</subfield>
    <subfield code="3">IT\ICCU\CNCA\011924</subfield>
  </datafield>
  <datafield tag="712" ind1="0" ind2="0">
    <subfield code="a">Castiglione, Giovanni Antonio</subfield>
    <subfield code="3">IT\ICCU\CNCT\000391</subfield>
    <subfield code="4">650</subfield>
  </datafield>
  <datafield tag="790" ind1=" " ind2="1">
    <subfield code="a">Perbuono,</subfield>
    <subfield code="b">Girolamo</subfield>
    <subfield code="3">IT\ICCU\CNCA\009061</subfield>
    <subfield code="z">Perbono, Girolamo</subfield>
  </datafield>
  <datafield tag="790" ind1=" " ind2="1">
    <subfield code="a">Perbonus,</subfield>
    <subfield code="b">Hieronymus</subfield>
    <subfield code="3">IT\ICCU\CNCA\010005</subfield>
    <subfield code="z">Perbono, Girolamo</subfield>
  </datafield>
  <datafield tag="791" ind1="0" ind2="0">
    <subfield code="a">Castelliono, Ioanne Antonio de</subfield>
    <subfield code="3">IT\ICCU\CNCT\004541</subfield>
    <subfield code="z">Castiglione, Giovanni Antonio</subfield>
  </datafield>
  <datafield tag="791" ind1="0" ind2="0">
    <subfield code="a">Castillioneus, Ioannes Antonius</subfield>
    <subfield code="3">IT\ICCU\CNCT\004543</subfield>
    <subfield code="z">Castiglione, Giovanni Antonio</subfield>
  </datafield>
  <datafield tag="791" ind1="0" ind2="0">
    <subfield code="a">Castellono, Juan Antonio de</subfield>
    <subfield code="3">IT\ICCU\CNCT\004545</subfield>
    <subfield code="z">Castiglione, Giovanni Antonio</subfield>
  </datafield>
  <datafield tag="791" ind1="0" ind2="0">
    <subfield code="a">Castelleone, Ioannes  Antonius a</subfield>
    <subfield code="3">IT\ICCU\CNCT\004546</subfield>
    <subfield code="z">Castiglione, Giovanni Antonio</subfield>
  </datafield>
  <datafield tag="801" ind1=" " ind2="3">
    <subfield code="a">IT</subfield>
    <subfield code="b">ICCU</subfield>
    <subfield code="c">20201114</subfield>
  </datafield>
  <datafield tag="899" ind1=" " ind2=" ">
    <subfield code="a">Biblioteca Apostolica Vaticana. Citt ̉del Vaticano</subfield>
    <subfield code="1">EX0001</subfield>
    <subfield code="2">ZCV 01</subfield>
  </datafield>
  <datafield tag="899" ind1=" " ind2=" ">
    <subfield code="a">Biblioteca Oliveriana. Pesaro</subfield>
    <subfield code="1">PU0061</subfield>
    <subfield code="2">URB OL</subfield>
  </datafield>
  <datafield tag="899" ind1=" " ind2=" ">
    <subfield code="a">Biblioteca nazionale centrale. Roma</subfield>
    <subfield code="1">RM0267</subfield>
    <subfield code="2">BVE CR</subfield>
  </datafield>
</record>
</collection>
